<collection xmlns="http://www.loc.gov/MARC21/slim">
<record>
  <leader>01784nam0a2200349 i 450 </leader>
  <controlfield tag="001">IT\ICCU\CNCE\036557</controlfield>
  <controlfield tag="005">20030919000000.0</controlfield>
  <datafield tag="012" ind1=" " ind2=" ">
    <subfield code="a">e.a- tae. nae- Pede (C) 1533 (R)</subfield>
    <subfield code="2">fei</subfield>
  </datafield>
  <datafield tag="100" ind1=" " ind2=" ">
    <subfield code="a">19980515d1533        0itac0103    ba</subfield>
  </datafield>
  <datafield tag="101" ind1=" " ind2=" ">
    <subfield code="a">ITA</subfield>
  </datafield>
  <datafield tag="102" ind1=" " ind2=" ">
    <subfield code="a">IT</subfield>
  </datafield>
  <datafield tag="200" ind1="1" ind2=" ">
    <subfield code="a">Dialogo de le comete &amp; loro effetti nel mondo, secondo la scientia de natura ... Composto per lo eccellentissimo dottor de le arte &amp; medico aureato messer Angelo De Forte</subfield>
  </datafield>
  <datafield tag="210" ind1=" " ind2=" ">
    <subfield code="e">Stampato in Venetia</subfield>
    <subfield code="g">per maestro Augustino de Bindoni</subfield>
    <subfield code="h">1533 del mese de zugno</subfield>
  </datafield>
  <datafield tag="215" ind1=" " ind2=" ">
    <subfield code="a">\12! c.</subfield>
    <subfield code="d">8ʻ</subfield>
  </datafield>
  <datafield tag="620" ind1=" " ind2=" ">
    <subfield code="a">IT</subfield>
    <subfield code="d">Venezia</subfield>
  </datafield>
  <datafield tag="700" ind1=" " ind2="1">
    <subfield code="a">De_Forte,</subfield>
    <subfield code="b">Angelo</subfield>
    <subfield code="3">IT\ICCU\CNCA\004669</subfield>
  </datafield>
  <datafield tag="712" ind1="0" ind2="0">
    <subfield code="a">Bindoni, Agostino</subfield>
    <subfield code="3">IT\ICCU\CNCT\000031</subfield>
    <subfield code="4">650</subfield>
  </datafield>
  <datafield tag="790" ind1=" " ind2="1">
    <subfield code="a">Fortius,</subfield>
    <subfield code="b">Angelus</subfield>
    <subfield code="3">IT\ICCU\CNCA\004670</subfield>
    <subfield code="z">De_Forte, Angelo</subfield>
  </datafield>
  <datafield tag="790" ind1=" " ind2="1">
    <subfield code="a">Forte,</subfield>
    <subfield code="b">Angelo</subfield>
    <subfield code="3">IT\ICCU\CNCA\011042</subfield>
    <subfield code="z">De_Forte, Angelo</subfield>
  </datafield>
  <datafield tag="790" ind1=" " ind2="1">
    <subfield code="a">Forte,</subfield>
    <subfield code="b">Angelo : de</subfield>
    <subfield code="3">IT\ICCU\CNCA\018535</subfield>
    <subfield code="z">De_Forte, Angelo</subfield>
  </datafield>
  <datafield tag="790" ind1=" " ind2="1">
    <subfield code="a">Fortibus,</subfield>
    <subfield code="b">Angelo : de</subfield>
    <subfield code="3">IT\ICCU\CNCA\023199</subfield>
    <subfield code="z">De_Forte, Angelo</subfield>
  </datafield>
  <datafield tag="790" ind1=" " ind2="1">
    <subfield code="a">Fortio,</subfield>
    <subfield code="b">Angelo</subfield>
    <subfield code="3">IT\ICCU\CNCA\023200</subfield>
    <subfield code="z">De_Forte, Angelo</subfield>
  </datafield>
  <datafield tag="791" ind1="0" ind2="0">
    <subfield code="a">Bindonus, Augustinus</subfield>
    <subfield code="3">IT\ICCU\CNCT\004373</subfield>
    <subfield code="z">Bindoni, Agostino</subfield>
  </datafield>
  <datafield tag="791" ind1="0" ind2="0">
    <subfield code="a">Bindonis, Augustinus de</subfield>
    <subfield code="3">IT\ICCU\CNCT\004374</subfield>
    <subfield code="z">Bindoni, Agostino</subfield>
  </datafield>
  <datafield tag="791" ind1="0" ind2="0">
    <subfield code="a">Bendonus, Augustinus</subfield>
    <subfield code="3">IT\ICCU\CNCT\004375</subfield>
    <subfield code="z">Bindoni, Agostino</subfield>
  </datafield>
  <datafield tag="791" ind1="0" ind2="2">
    <subfield code="a">Agostino Milanese</subfield>
    <subfield code="3">IT\ICCU\CNCT\006177</subfield>
    <subfield code="z">Bindoni, Agostino</subfield>
  </datafield>
  <datafield tag="791" ind1="0" ind2="0">
    <subfield code="a">Milano, Agostino da</subfield>
    <subfield code="3">IT\ICCU\CNCT\006178</subfield>
    <subfield code="z">Bindoni, Agostino</subfield>
  </datafield>
  <datafield tag="791" ind1="0" ind2="0">
    <subfield code="a">Milanese, Agostino</subfield>
    <subfield code="3">IT\ICCU\CNCT\006179</subfield>
    <subfield code="z">Bindoni, Agostino</subfield>
  </datafield>
  <datafield tag="801" ind1=" " ind2="3">
    <subfield code="a">IT</subfield>
    <subfield code="b">ICCU</subfield>
    <subfield code="c">20201114</subfield>
  </datafield>
  <datafield tag="899" ind1=" " ind2=" ">
    <subfield code="a">Biblioteca universitaria. Bologna</subfield>
    <subfield code="1">BO0098</subfield>
    <subfield code="2">UBO BU</subfield>
  </datafield>
  <datafield tag="899" ind1=" " ind2=" ">
    <subfield code="a">Biblioteca Apostolica Vaticana. Citt ̉del Vaticano</subfield>
    <subfield code="1">EX0001</subfield>
    <subfield code="2">ZCV 01</subfield>
  </datafield>
  <datafield tag="899" ind1=" " ind2=" ">
    <subfield code="a">Archivio storico civico e Biblioteca Trivulziana. Milano</subfield>
    <subfield code="1">MI0327</subfield>
    <subfield code="2">LO1 13</subfield>
  </datafield>
</record>
</collection>
